<?xml version="1.0" encoding="UTF-8"?><record xmlns="http://www.loc.gov/MARC21/slim" xmlns:cinclude="http://apache.org/cocoon/include/1.0" xmlns:zs="http://www.loc.gov/zing/srw/">
  <leader>00395nz  a2200133n  4500</leader>
  <controlfield tag="001">no2008012383</controlfield>
  <controlfield tag="003">DLC</controlfield>
  <controlfield tag="005">20080127080359.0</controlfield>
  <controlfield tag="008">080125n| acannaabn          |n aaa     c</controlfield>
  <datafield tag="010" ind1=" " ind2=" ">
    <subfield code="a">no2008012383</subfield>
  </datafield>
  <datafield tag="035" ind1=" " ind2=" ">
    <subfield code="a">(OCoLC)oca07639509</subfield>
  </datafield>
  <datafield tag="040" ind1=" " ind2=" ">
    <subfield code="a">IEN</subfield>
    <subfield code="b">eng</subfield>
    <subfield code="c">IEN</subfield>
  </datafield>
  <datafield tag="100" ind1="1" ind2=" ">
    <subfield code="a">Molebatsi, Robert</subfield>
  </datafield>
  <datafield tag="670" ind1=" " ind2=" ">
    <subfield code="a">Evaluation of the oral health programmes in the central district, 1996-:</subfield>
    <subfield code="b">t.p. (Mr. Robert Molebatsi)</subfield>
  </datafield>
</record>